@inproceedings{Gousi13,
 author = {Gousios, Georgios},
 title = {The GHTorent Dataset and Tool Suite},
 booktitle = {Proceedings of the 10th Working Conference on Mining Software Repositories},
 series = {MSR '13},
 year = {2013},
 isbn = {978-1-4673-2936-1},
 location = {San Francisco, CA, USA},
 pages = {233--236},
 numpages = {4},
 url = {http://dl.acm.org/citation.cfm?id=2487085.2487132},
 acmid = {2487132},
 publisher = {IEEE Press},
 address = {Piscataway, NJ, USA},
}

@inproceedings{GVSZ14,
  author = {Gousios, Georgios and Vasilescu, Bogdan and Serebrenik, Alexander and Zaidman, Andy},
  title = {Lean {GHT}orrent: GitHub Data on Demand},
  booktitle = {Proceedings of the 11th Working Conference on Mining Software Repositories},
  series = {MSR 2014},
  year = {2014},
  isbn = {978-1-4503-2863-0},
  location = {Hyderabad, India},
  pages = {384--387},
  numpages = {4},
  doi = {10.1145/2597073.2597126},
  acmid = {2597126},
  publisher = {ACM},
  address = {New York, NY, USA},
  keywords = {GitHub, data on demand, dataset},
  url = {/pub/lean-ghtorrent.pdf},
  speakerdeck = {992bb730cd090131fa3126624a8aace7}
}
